<record><leader>00000cas a22000007a 4500</leader><controlfield tag="001">10698967</controlfield><controlfield tag="008">840507d18401843nyuwr ne      0    0eng d</controlfield><datafield ind1=" " ind2=" " tag="010"><subfield code="a">sn 84031162 </subfield></datafield><datafield ind1=" " ind2=" " tag="040"><subfield code="a">NYG</subfield><subfield code="b">eng</subfield><subfield code="c">NYG</subfield><subfield code="d">NPX</subfield><subfield code="d">NYS</subfield><subfield code="d">OCL</subfield><subfield code="d">CRL</subfield><subfield code="d">OCLCQ</subfield><subfield code="d">OCLCF</subfield></datafield><datafield ind1="1" ind2=" " tag="029"><subfield code="a">AU@</subfield><subfield code="b">000020121669</subfield></datafield><datafield ind1=" " ind2=" " tag="042"><subfield code="a">msc</subfield></datafield><datafield ind1=" " ind2=" " tag="043"><subfield code="a">n-us-ny</subfield></datafield><datafield ind1=" " ind2=" " tag="090"><subfield code="a">AN</subfield></datafield><datafield ind1="0" ind2="4" tag="245"><subfield code="a">The Batavia times, and farmers &amp; mechanics' journal.</subfield></datafield><datafield ind1="3" ind2="0" tag="246"><subfield code="a">Batavia times</subfield></datafield><datafield ind1="3" ind2="0" tag="246"><subfield code="a">Times and journal</subfield></datafield><datafield ind1="1" ind2="3" tag="246"><subfield code="a">Times &amp; journal</subfield></datafield><datafield ind1=" " ind2=" " tag="260"><subfield code="a">Batavia, N.Y. :</subfield><subfield code="b">[s.n.]</subfield></datafield><datafield ind1=" " ind2=" " tag="300"><subfield code="a">v. :</subfield><subfield code="b">ill.</subfield></datafield><datafield ind1=" " ind2=" " tag="310"><subfield code="a">Weekly</subfield></datafield><datafield ind1="1" ind2=" " tag="362"><subfield code="a">Began with June 18, 1840 issue; ceased with Aug. 6, 1843 issue.</subfield><subfield code="z">Cf. Beers, C.W. Gazeteer ... to Genesee County, 1890.</subfield></datafield><datafield ind1=" " ind2=" " tag="500"><subfield code="a">Published as: Times and journal, &lt;Oct. 25, 1842&gt;; &lt;Apr. 12, 1843&gt;.</subfield></datafield><datafield ind1=" " ind2=" " tag="500"><subfield code="a">Publisher: Frederick Follett, &lt;1841-1843&gt;.</subfield></datafield><datafield ind1=" " ind2=" " tag="588"><subfield code="a">Description based on: Vol. 1, no. 23 (Nov. 19, 1840).</subfield></datafield><datafield ind1=" " ind2=" " tag="588"><subfield code="a">Latest issue consulted: Vol. 1, no. 48 (May 13, 1841).</subfield></datafield><datafield ind1=" " ind2="0" tag="651"><subfield code="a">Batavia (N.Y.)</subfield><subfield code="v">Newspapers.</subfield></datafield><datafield ind1=" " ind2="0" tag="651"><subfield code="a">Genesee County (N.Y.)</subfield><subfield code="v">Newspapers.</subfield></datafield><datafield ind1=" " ind2="7" tag="655"><subfield code="a">Newspapers.</subfield><subfield code="2">fast</subfield><subfield code="0">(OCoLC)fst01423814</subfield></datafield><datafield ind1=" " ind2="7" tag="651"><subfield code="a">New York (State)</subfield><subfield code="z">Batavia.</subfield><subfield code="2">fast</subfield><subfield code="0">(OCoLC)fst01224072</subfield></datafield><datafield ind1=" " ind2="7" tag="651"><subfield code="a">New York (State)</subfield><subfield code="z">Genesee County.</subfield><subfield code="2">fast</subfield><subfield code="0">(OCoLC)fst01222207</subfield></datafield><datafield ind1=" " ind2=" " tag="752"><subfield code="a">United States</subfield><subfield code="b">New York</subfield><subfield code="c">Genesee</subfield><subfield code="d">Batavia.</subfield></datafield><datafield ind1="0" ind2="0" tag="780"><subfield code="t">Farmers' &amp; mechanics' journal</subfield><subfield code="w">(DLC)sn 84024335</subfield></datafield><datafield ind1="0" ind2="4" tag="785"><subfield code="t">Spirit of the times (Batavia, N.Y. : 1833)</subfield><subfield code="w">(DLC)sn 88075726</subfield><subfield code="w">(OCoLC)17597947</subfield></datafield></record>